% This file was created with JabRef 2.9b2.
% Encoding: UTF-8

@MISC{airlinederegact,
  author = {{Airline Deregulation Act}},
  title = {{Pub.L. 95--504, 49 U.S.C. \S 1371 et seq.}},
  month = oct # {~24},
  year = {1978}
}

@ARTICLE{akgunduz2007using,
  author = {Akgunduz, Ali and Turkmen, Banu and Bulgak, Akif A},
  title = {Using financial options in airline booking process},
  journal = {Journal of Revenue \& Pricing Management},
  year = {2007},
  volume = {6},
  pages = {135--150},
  number = {2},
  owner = {patrick},
  publisher = {Nature Publishing Group},
  timestamp = {2013.07.15}
}

@BOOK{amram1999real,
  title = {Real options: Managing strategic investment in an uncertain world},
  publisher = {Harvard Business School Press Boston},
  year = {1999},
  author = {Amram, Martha and Kulatilaka, Nalin},
  volume = {4},
  owner = {patrick},
  timestamp = {2013.07.15}
}

@ARTICLE{anderson2004revenue,
  author = {Anderson, CK and Davison, M and Rasmussen, H},
  title = {Revenue management: A real options approach},
  journal = {Naval Research Logistics (NRL)},
  year = {2004},
  volume = {51},
  pages = {686--703},
  number = {5},
  owner = {patrick},
  publisher = {Wiley Online Library},
  timestamp = {2013.07.15}
}

@TECHREPORT{balseiro2011revenue,
  author = {Balseiro, S and Gallego, G and Gocmen, C and Phillips, R},
  title = {Revenue management of consumer options for sporting events},
  institution = {Tech. rep., IEOR, Columbia University, New York},
  year = {2011},
  owner = {patrick},
  timestamp = {2013.07.16}
}

@ARTICLE{belobaba1987survey,
  author = {Belobaba, Peter P},
  title = {Survey Paperâ€”Airline Yield Management An Overview of Seat Inventory
	Control},
  journal = {Transportation Science},
  year = {1987},
  volume = {21},
  pages = {63--73},
  number = {2},
  owner = {patrick},
  publisher = {INFORMS},
  timestamp = {2013.07.15}
}

@ARTICLE{berkowitz2012real,
  author = {Berkowitz, Jason and Rotthoff, Kurt},
  title = {Real Options Applied to Consumer Goods: A Look at Option Pricing
	in Sports Tournaments},
  journal = {Available at SSRN 2154929},
  year = {2012},
  owner = {patrick},
  timestamp = {2013.07.16}
}

@ARTICLE{bertsimas2005simulation,
  author = {Bertsimas, Dimitris and De Boer, Sanne},
  title = {Simulation-based booking limits for airline revenue management},
  journal = {Operations Research},
  year = {2005},
  volume = {53},
  pages = {90--106},
  number = {1},
  owner = {patrick},
  publisher = {INFORMS},
  timestamp = {2013.07.31}
}

@ARTICLE{black1976pricing,
  author = {Black, Fischer},
  title = {The pricing of commodity contracts},
  journal = {Journal of financial economics},
  year = {1976},
  volume = {3},
  pages = {167--179},
  number = {1},
  owner = {patrick},
  publisher = {Elsevier},
  timestamp = {2013.07.16}
}

@ARTICLE{black1973pricing,
  author = {Black, Fischer and Scholes, Myron},
  title = {The pricing of options and corporate liabilities},
  journal = {The journal of political economy},
  year = {1973},
  pages = {637--654},
  owner = {patrick},
  publisher = {JSTOR},
  timestamp = {2013.07.30}
}

@MISC{bodie2008investments,
  author = {Bodie, Zvi and Kane, Alex and Marcus, Alan J},
  title = {Investments (7th International ed.)},
  year = {2008},
  owner = {patrick},
  publisher = {Boston: McGraw-Hill},
  timestamp = {2013.07.30}
}

@ARTICLE{boyle1986option,
  author = {Boyle, Phelim P},
  title = {Option valuation using a three-jump process},
  journal = {International Options Journal},
  year = {1986},
  volume = {3},
  pages = {1},
  number = {7-12},
  owner = {patrick},
  timestamp = {2013.07.16}
}

@ARTICLE{boyle1977options,
  author = {Boyle, Phelim P},
  title = {Options: A monte carlo approach},
  journal = {Journal of financial economics},
  year = {1977},
  volume = {4},
  pages = {323--338},
  number = {3},
  owner = {patrick},
  publisher = {Elsevier},
  timestamp = {2013.07.30}
}

@MISC{bts13,
  author = {{Bureau of Transportation Statistics}},
  title = {Air Carriers : T-100 Domestic Market (U.S. Carriers)},
  howpublished = {\url{http://www.transtats.bts.gov/Fields.asp?Table_ID=258}},
  year = {2013},
  note = {Accessed: 04-23}
}

@INCOLLECTION{ching2010improving,
  author = {Ching, Wai-Ki and Li, Xun and Siu, Tak Kuen and Wu, Zhenyu},
  title = {Improving Revenue Management: A Real Option Approach},
  booktitle = {Innovative Quick Response Programs in Logistics and Supply Chain
	Management},
  publisher = {Springer},
  year = {2010},
  pages = {123--139},
  owner = {patrick},
  timestamp = {2013.07.16}
}

@BOOK{cross97,
  title = {Revenue Management Hard-Core Tactics for Market Domination},
  publisher = {New York: Broadway Books},
  year = {1997},
  author = {Cross, Robert G.}
}

@ARTICLE{dixit1996investment,
  author = {Dixit, Avinash K and Pindyck, Robert S and Davis, Graham A},
  title = {Investment under uncertainty},
  journal = {Resources Policy},
  year = {1996},
  volume = {22},
  pages = {217},
  number = {3},
  publisher = {Guildford, Surrey: Butterworth Scientific, 1974-}
}

@INPROCEEDINGS{etzioni03,
  author = {Etzioni, O. and Tuchinda, R. and Knoblock, C.A. and Yates, A.},
  title = {To buy or not to buy: mining airfare data to minimize ticket purchase
	price},
  booktitle = {{proceedings of the 9th ACM SIGKDD international conference on Knowledge
	discovery and data mining}},
  year = {2003},
  pages = {119--128},
  organization = {ACM}
}

@MISC{etzioni08,
  author = {Etzioni, Oren and Yates, Alexander and Knoblock, Craig A and Tuchinda,
	Rattapoom},
  title = {Performing predictive pricing based on historical data},
  month = mar # {~18},
  year = {2008},
  note = {US Patent 7,346,520},
  publisher = {Google Patents}
}

@MISC{eur13,
  author = {EuroStat},
  title = {\texttt{avia\_par} tables},
  howpublished = {\url{http://epp.eurostat.ec.europa.eu/NavTree\_prod/everybody/BulkDownloadListing?sort=1&dir=data}},
  year = {2013},
  note = {Accessed: 04-23}
}

@ARTICLE{finch1998option,
  author = {Finch, J Howard and Becherer, Richard C and Casavant, Richard},
  title = {An option-based approach for pricing perishable services assets},
  journal = {Journal of Services Marketing},
  year = {1998},
  volume = {12},
  pages = {473--483},
  number = {6},
  owner = {patrick},
  publisher = {MCB UP Ltd},
  timestamp = {2013.07.30}
}

@ARTICLE{gallego2008revenue,
  author = {Gallego, Guillermo and Kou, SG and Phillips, Robert},
  title = {Revenue management of callable products},
  journal = {Management Science},
  year = {2008},
  volume = {54},
  pages = {550--564},
  number = {3},
  owner = {patrick},
  publisher = {INFORMS},
  timestamp = {2013.07.16}
}

@ARTICLE{garcia2003convergence,
  author = {Garc{\i}a, Diego},
  title = {Convergence and biases of Monte Carlo estimates of American option
	prices using a parametric exercise rule},
  journal = {Journal of Economic Dynamics and Control},
  year = {2003},
  volume = {27},
  pages = {1855--1879},
  number = {10},
  owner = {patrick},
  publisher = {Elsevier},
  timestamp = {2013.07.30}
}

@ARTICLE{godfrey64,
  author = {Godfrey, Michael D and Granger, Clive WJ and Morgenstern, Oskar},
  title = {THE RANDOM-WALK HYPOTHESIS OF STOCK MARKET BEHAVIOR},
  journal = {Kyklos},
  year = {1964},
  volume = {17},
  pages = {1--30},
  number = {1},
  publisher = {Wiley Online Library}
}

@ARTICLE{graf2013transfer,
  author = {Graf, Michaela and Kimms, Alf},
  title = {Transfer price optimization for option-based airline alliance revenue
	management},
  journal = {International Journal of Production Economics},
  year = {2013},
  owner = {patrick},
  publisher = {Elsevier},
  timestamp = {2013.07.16}
}

@ARTICLE{graf2011option,
  author = {Graf, Michaela and Kimms, Alf},
  title = {An option-based revenue management procedure for strategic airline
	alliances},
  journal = {European Journal of Operational Research},
  year = {2011},
  volume = {215},
  pages = {459--469},
  number = {2},
  owner = {patrick},
  publisher = {Elsevier},
  timestamp = {2013.07.16}
}

@INPROCEEDINGS{groves2013agent,
  author = {Groves, William and Gini, Maria},
  title = {An agent for optimizing airline ticket purchasing},
  booktitle = {Proceedings of the 2013 international conference on Autonomous agents
	and multi-agent systems},
  year = {2013},
  pages = {1341--1342},
  organization = {International Foundation for Autonomous Agents and Multiagent Systems},
  owner = {patrick},
  timestamp = {2013.07.15}
}

@TECHREPORT{groves2011regression,
  author = {Groves, William and Gini, Maria},
  title = {A regression model for predicting optimal purchase timing for airline
	tickets},
  institution = {Technical Report 11-025, U. of Minnesota, Minneapolis, MN},
  year = {2011},
  owner = {patrick},
  timestamp = {2013.07.30}
}

@ARTICLE{harris1995hold,
  author = {Harris, Frederick H and Peacock, Peter},
  title = {Hold my place, please},
  journal = {Marketing Management},
  year = {1995},
  volume = {4},
  pages = {34--45},
  number = {2},
  owner = {patrick},
  publisher = {DC Heath/Lexington Books},
  timestamp = {2013.07.16}
}

@ARTICLE{hull1990valuing,
  author = {Hull, John and White, Alan},
  title = {Valuing derivative securities using the explicit finite difference
	method},
  journal = {Journal of Financial and Quantitative Analysis},
  year = {1990},
  volume = {25},
  pages = {87--100},
  number = {1},
  owner = {patrick},
  publisher = {Cambridge Univ Press},
  timestamp = {2013.07.16}
}

@BOOK{hull99,
  title = {Options, futures, and other derivatives},
  publisher = {Pearson Education India},
  year = {1999},
  author = {Hull, John C}
}

@MISC{informs13,
  author = {{INFORMS Revenue Management and Pricing Section Prize for Historical
	Works}},
  title = {Historical Prize},
  howpublished = {\url{https://www.informs.org/Community/revenue-mgt/Prizes/Historical-Prize}},
  year = {2013},
  note = {Accessed: 07-08}
}

@ARTICLE{jaillet2004valuation,
  author = {Jaillet, Patrick and Ronn, Ehud I and Tompaidis, Stathis},
  title = {Valuation of commodity-based swing options},
  journal = {Management science},
  year = {2004},
  volume = {50},
  pages = {909--921},
  number = {7},
  owner = {patrick},
  publisher = {INFORMS},
  timestamp = {2013.07.16}
}

@ARTICLE{jain11,
  author = {Jain, Adishwar K and Cox, Raymond AK},
  title = {Airfare price insurance: a real option model},
  journal = {Journal of Risk Finance, The},
  year = {2011},
  volume = {12},
  pages = {5--14},
  number = {1},
  publisher = {Emerald Group Publishing Limited}
}

@ARTICLE{keppo2004pricing,
  author = {Keppo, Jussi},
  title = {Pricing of electricity swing options},
  journal = {The Journal of Derivatives},
  year = {2004},
  volume = {11},
  pages = {26--43},
  number = {3},
  owner = {patrick},
  publisher = {Institutional Investor Journals},
  timestamp = {2013.07.16}
}

@ARTICLE{kimes1989yield,
  author = {Kimes, Sheryl E},
  title = {Yield management: a tool for capacity-considered service firms},
  journal = {Journal of operations management},
  year = {1989},
  volume = {8},
  pages = {348--363},
  number = {4},
  owner = {patrick},
  publisher = {Elsevier},
  timestamp = {2013.07.16}
}

@ARTICLE{littlewood1972forecasting,
  author = {Littlewood, K},
  title = {Forecasting and Control of Passenger Bookings, AGIFORS 12th Annual
	Symposium Proceedings},
  journal = {October, Nathanya, Israel},
  year = {1972},
  pages = {193--204},
  owner = {patrick},
  timestamp = {2013.07.15}
}

@ARTICLE{lo1988stock,
  author = {Lo, Andrew W and MacKinlay, Archie Craig},
  title = {Stock market prices do not follow random walks: Evidence from a simple
	specification test},
  journal = {Review of financial studies},
  year = {1988},
  volume = {1},
  pages = {41--66},
  number = {1},
  owner = {patrick},
  publisher = {Soc Financial Studies},
  timestamp = {2013.07.30}
}

@ARTICLE{longstaff2001valuing,
  author = {Longstaff, Francis A and Schwartz, Eduardo S},
  title = {Valuing American options by simulation: A simple least-squares approach},
  journal = {Review of Financial studies},
  year = {2001},
  volume = {14},
  pages = {113--147},
  number = {1},
  owner = {patrick},
  publisher = {Soc Financial Studies},
  timestamp = {2013.07.30}
}

@ARTICLE{maidanov2010monte,
  author = {Maidanov, Sergey A},
  title = {Monte Carlo European options pricing implementation using various
	industry library solutions},
  journal = {Newyork City, USA: INTEL},
  year = {2010},
  owner = {patrick},
  timestamp = {2013.07.31}
}

@ARTICLE{mcgill1999revenue,
  author = {McGill, Jeffrey I and Van Ryzin, Garrett J},
  title = {Revenue management: Research overview and prospects},
  journal = {Transportation science},
  year = {1999},
  volume = {33},
  pages = {233--256},
  number = {2},
  owner = {patrick},
  publisher = {INFORMS},
  timestamp = {2013.07.31}
}

@ARTICLE{merton1973theory,
  author = {Merton, Robert C},
  title = {Theory of rational option pricing},
  journal = {The Bell Journal of Economics and Management Science},
  year = {1973},
  pages = {141--183},
  owner = {patrick},
  publisher = {JSTOR},
  timestamp = {2013.07.30}
}

@BOOK{o2001introduction,
  title = {An introduction to airline economics},
  publisher = {Greenwood Publishing Group},
  year = {2001},
  author = {O'Connor, William E},
  owner = {patrick},
  timestamp = {2013.07.16}
}

@ARTICLE{richardson2009numerical,
  author = {Richardson, Mark},
  title = {Numerical Methods for Option Pricing},
  journal = {Unpublished notes},
  year = {2009},
  owner = {patrick},
  timestamp = {2013.07.30}
}

@ARTICLE{rogers2002monte,
  author = {Rogers, Leonard CG},
  title = {Monte Carlo valuation of American options},
  journal = {Mathematical Finance},
  year = {2002},
  volume = {12},
  pages = {271--286},
  number = {3},
  owner = {patrick},
  publisher = {Wiley Online Library},
  timestamp = {2013.07.30}
}

@ARTICLE{sainam2010consumer,
  author = {Sainam, Preethika and Balasubramanian, Sridhar and Bayus, Barry L},
  title = {Consumer options: Theory and an empirical application to a sports
	market},
  journal = {Journal of Marketing Research},
  year = {2010},
  volume = {47},
  pages = {401--414},
  number = {3},
  owner = {patrick},
  publisher = {American Marketing Association},
  timestamp = {2013.07.16}
}

@ARTICLE{schmalensee1972option,
  author = {Schmalensee, Richard},
  title = {Option demand and consumer's surplus: valuing price changes under
	uncertainty},
  journal = {The American Economic Review},
  year = {1972},
  volume = {62},
  pages = {813--824},
  number = {5},
  owner = {patrick},
  publisher = {JSTOR},
  timestamp = {2013.07.17}
}

@ARTICLE{smith1992yield,
  author = {Smith, Barry C and Leimkuhler, John F and Darrow, Ross M},
  title = {Yield management at American airlines},
  journal = {Interfaces},
  year = {1992},
  volume = {22},
  pages = {8--31},
  number = {1},
  owner = {patrick},
  publisher = {INFORMS},
  timestamp = {2013.07.15}
}

@ARTICLE{stone2005first,
  author = {Stone, Peter and Greenwald, Amy},
  title = {The first international trading agent competition: Autonomous bidding
	agents},
  journal = {Electronic Commerce Research},
  year = {2005},
  volume = {5},
  pages = {229--265},
  number = {2},
  owner = {patrick},
  publisher = {Springer},
  timestamp = {2013.07.30}
}

@ARTICLE{thompson1995valuation,
  author = {Thompson, Andrew C},
  title = {Valuation of path-dependent contingent claims with multiple exercise
	decisions over time: The case of take-or-pay},
  journal = {Journal of Financial and Quantitative Analysis},
  year = {1995},
  volume = {30},
  pages = {271--293},
  number = {02},
  owner = {patrick},
  publisher = {Cambridge Univ Press},
  timestamp = {2013.07.16}
}

@MISC{trigeorgis1996real,
  author = {Trigeorgis, Lenos},
  title = {Real options: Managerial flexibility and strategy in resource allocation},
  year = {1996},
  owner = {patrick},
  publisher = {MIT Press (Cambridge, Mass.)},
  timestamp = {2013.07.16}
}

@ARTICLE{voneche2005yield,
  author = {Voneche, Frederic},
  title = {Yield Management in the Airline Industry},
  year = {2005},
  owner = {patrick},
  publisher = {Loyola University Chicago},
  timestamp = {2013.07.15}
}

@MISC{walker1998method,
  author = {Walker, Jay S and Case, T Scott and Jorasch, James A and Sparico,
	Thomas M},
  title = {Method, apparatus, and program for pricing, selling, and exercising
	options to purchase airline tickets},
  month = aug # {~18},
  year = {1998},
  note = {US Patent 5,797,127},
  owner = {patrick},
  publisher = {Google Patents},
  timestamp = {2013.07.16}
}

@ARTICLE{weatherford1993modeling,
  author = {Weatherford, Lawrence R and Bodily, Samuel E and Pfeifer, Phillip
	E},
  title = {Modeling the customer arrival process and comparing decision rules
	in perishable asset revenue management situations},
  journal = {Transportation Science},
  year = {1993},
  volume = {27},
  pages = {239--251},
  number = {3},
  owner = {patrick},
  publisher = {INFORMS},
  timestamp = {2013.07.31}
}

@INPROCEEDINGS{wellman2003price,
  author = {Wellman, Michael P and Reeves, Daniel M and Lochner, Kevin M},
  title = {Price prediction in a trading agent competition [Extended Abstract]},
  booktitle = {Proceedings of the 4th ACM conference on Electronic commerce},
  year = {2003},
  pages = {216--217},
  organization = {ACM},
  owner = {patrick},
  timestamp = {2013.07.30}
}

@ARTICLE{wright2010dynamic,
  author = {Wright, Christopher P and Groenevelt, Harry and Shumsky, Robert A},
  title = {Dynamic revenue management in airline alliances},
  journal = {Transportation Science},
  year = {2010},
  volume = {44},
  pages = {15--37},
  number = {1},
  owner = {patrick},
  publisher = {INFORMS},
  timestamp = {2013.07.15}
}

